
@inproceedings{Vasilescu14StackOverflow,
 author    = {Vasilescu, Bogdan and Serebrenik, Alexander and Devanbu, Prem and Filkov, Vladimir},
 title     = {How Social Q\&A Sites Are Changing Knowledge Sharing in Open Source Software Communities},
 booktitle = {Proceedings of the 17th ACM Conference on Computer Supported Cooperative Work \& Social Computing},
 series    = {CSCW '14},
 year      = {2014},
 isbn      = {978-1-4503-2540-0},
 location  = {Baltimore, Maryland, USA},
 pages     = {342--354},
 numpages  = {13},
 url       = {http://doi.acm.org/10.1145/2531602.2531659},
 doi       = {10.1145/2531602.2531659},
 acmid     = {2531659},
 publisher = {ACM},
 address   = {New York, NY, USA},
 keywords  = {crowdsourced knowledge, gamification., mailing lists, open source, social q\&\#38;a},
} 

@inproceedings{Dabbish:2012:SCG:2145204.2145396,
 author    = {Dabbish, Laura and Stuart, Colleen and Tsay, Jason and Herbsleb, Jim},
 title     = {Social Coding in GitHub: Transparency and Collaboration in an Open Software Repository},
 booktitle = {Proceedings of the ACM 2012 Conference on Computer Supported Cooperative Work},
 series    = {CSCW '12},
 year      = {2012},
 isbn      = {978-1-4503-1086-4},
 location  = {Seattle, Washington, USA},
 pages     = {1277--1286},
 numpages  = {10},
 url       = {http://doi.acm.org/10.1145/2145204.2145396},
 doi       = {10.1145/2145204.2145396},
 acmid     = {2145396},
 publisher = {ACM},
 address   = {New York, NY, USA},
 keywords  = {awareness, collaboration, coordination, open source software development, social computing, transparency},
} 

@INPROCEEDINGS{6693332,
author     = {Vasilescu, B. and Filkov, V. and Serebrenik, A.},
booktitle  = {Social Computing (SocialCom), 2013 International Conference on},
title      = {StackOverflow and GitHub: Associations between Software Development and Crowdsourced Knowledge},
year       = {2013},
month      = {Sept},
pages      = {188-195},
keywords   = {knowledge based systems;software maintenance;GitHub;StackOverflow;crowdsourced knowledge;online programming question-and-answer community;social coding repository;software development;Communities;Electronic mail;Indexes;Merging;Productivity;Rhythm;Software;crowdsourced knowledge;social media;software development},
doi        = {10.1109/SocialCom.2013.35},}

@INPROCEEDINGS{6693332,
author     = {Vasilescu, B. and Filkov, V. and Serebrenik, A.},
booktitle  = {Social Computing (SocialCom), 2013 International Conference on},
title      = {StackOverflow and GitHub: Associations between Software Development and Crowdsourced Knowledge},
year       = {2013},
month      = {Sept},
pages      = {188-195},
keywords   = {knowledge based systems;software maintenance;GitHub;StackOverflow;crowdsourced knowledge;online programming question-and-answer community;social coding repository;software development;Communities;Electronic mail;Indexes;Merging;Productivity;Rhythm;Software;crowdsourced knowledge;social media;software development},
doi        = {10.1109/SocialCom.2013.35},}

@inproceedings{Oezbek:2010:OCS:1833272.1833274,
 author    = {Oezbek, Christopher and Prechelt, Lutz and Thiel, Florian},
 title     = {The Onion Has Cancer: Some Social Network Analysis Visualizations of Open Source Project Communication},
 booktitle = {Proceedings of the 3rd International Workshop on Emerging Trends in Free/Libre/Open Source Software Research and Development},
 series    = {FLOSS '10},
 year      = {2010},
 isbn      = {978-1-60558-978-7},
 location  = {Cape Town, South Africa},
 pages     = {5--10},
 numpages  = {6},
 url       = {http://doi.acm.org/10.1145/1833272.1833274},
 doi       = {10.1145/1833272.1833274},
 acmid     = {1833274},
 publisher = {ACM},
 address   = {New York, NY, USA},
 keywords  = {communication structure, open source process, social network analysis},
} 

@INPROCEEDINGS{5718853,
author     = {Jensen, C. and King, S. and Kuechler, V.},
booktitle  = {System Sciences (HICSS), 2011 44th Hawaii International Conference on},
title      = {Joining Free/Open Source Software Communities: An Analysis of Newbies' First Interactions on Project Mailing Lists},
year       = {2011},
month      = {Jan},
pages      = {1-10},
keywords   = {SQL;public domain software;social aspects of automation;GIMP;IT ecosystem;MediaWiki;PostgreSQL;Subversion;continual recruitment;free/open source software;gender;nationality;project mailing lists;Classification algorithms;Communities;Educational institutions;Electronic mail;Open source software},
doi        = {10.1109/HICSS.2011.264},
ISSN       = {1530-1605},
}


@inproceedings{deterding2011game,
  title={From game design elements to gamefulness: defining gamification},
  author={Deterding, Sebastian and Dixon, Dan and Khaled, Rilla and Nacke, Lennart},
  booktitle={Proceedings of the 15th International Academic MindTrek Conference: Envisioning Future Media Environments},
  pages={9--15},
  year={2011},
  organization={ACM}
}
